@article{clark2020testing,
  title={Testing in the time of COVID-19: A sudden transition to unproctored online exams},
  author={Clark, Ted M and Callam, Christopher S and Paul, Noel M and Stoltzfus, Matthew W and Turner, Daniel},
  journal={Journal of chemical education},
  volume={97},
  number={9},
  pages={3413--3417},
  year={2020},
  publisher={ACS Publications}
}

@article{alshurideh2021factors,
author={Alshurideh, Muhammad Turki and Kurdi, Barween Al and AlHamad, Ahmad Qasim and Salloum, Said A and Alkurdi, Shireen and Dehghan, Ahlam and Abuhashesh, Mohammad and Masa’deh, Ra’ed and others},
TITLE = {Factors Affecting the Use of Smart Mobile Examination Platforms by Universities’ Postgraduate Students during the COVID-19 Pandemic: An Empirical Study},
JOURNAL = {Informatics},
VOLUME = {8},
YEAR = {2021},
NUMBER = {2},
ARTICLE-NUMBER = {32},
URL = {https://www.mdpi.com/2227-9709/8/2/32},
ISSN = {2227-9709},
DOI = {10.3390/informatics8020032}
}

@article{coghlan2020good,
  title={Good proctor or" Big Brother"? AI Ethics and Online Exam Supervision Technologies},
  author={Coghlan, Simon and Miller, Tim and Paterson, Jeannie},
  journal={arXiv preprint arXiv:2011.07647},
  year={2020}
}

@article{bozkurt2020education,
  title={Education in normal, new normal, and next normal: Observations from the past, insights from the present and projections for the future},
  author={Bozkurt, Aras and Sharma, Ramesh C},
  journal={Asian Journal of Distance Education},
  volume={15},
  number={2},
  pages={i--x},
  year={2020}
}

@article{yao2016spatio,
  title={Spatio-temporal information for human action recognition},
  author={Yao, Li and Liu, Yunjian and Huang, Shihui},
  journal={EURASIP Journal on Image and Video Processing},
  volume={2016},
  number={1},
  pages={1--9},
  year={2016},
  publisher={Springer}
}