%OpenCV
@INPROCEEDINGS{viola2001rapid,
  author={Viola, P. and Jones, M.},
  booktitle={Proceedings of the 2001 IEEE Computer Society Conference on Computer Vision and Pattern Recognition. CVPR 2001}, 
  title={Rapid object detection using a boosted cascade of simple features}, 
  year={2001},
  volume={1},
  pages={I-I},
  doi={10.1109/CVPR.2001.990517}
}

@InProceedings{ren2014face,
    author = {Ren, Shaoqing and Cao, Xudong and Wei, Yichen and Sun, Jian},
    title = {Face Alignment at 3000 FPS via Regressing Local Binary Features},
    booktitle = {Proceedings of the IEEE Conference on Computer Vision and Pattern Recognition (CVPR)},
    month = {6},
    year = {2014}
}

@article{kim2015system,
  title={System architecture for real-time face detection on analog video camera},
  author={Kim, Mooseop and Lee, Deokgyu and Kim, Ki-Young},
  journal={International Journal of Distributed Sensor Networks},
  volume={11},
  number={5},
  pages={251386},
  year={2015},
  publisher={SAGE Publications Sage UK: London, England},
  doi={10.1155/2015/251386}
}

@article{wu2019facial,
  title={Facial landmark detection: A literature survey},
  author={Wu, Yue and Ji, Qiang},
  journal={International Journal of Computer Vision},
  volume={127},
  number={2},
  pages={115--142},
  year={2019},
  publisher={Springer}
}
  
@book{bradski2008learning,
  title={Learning OpenCV: Computer vision with the OpenCV library},
  author={Bradski, Gary and Kaehler, Adrian},
  year={2008},
  publisher={" O'Reilly Media, Inc."}
}

@book{howse2020learning,
  title={Learning OpenCV 4 Computer Vision with Python 3: Get to grips with tools, techniques, and algorithms for computer vision and machine learning},
  author={Howse, Joseph and Minichino, Joe},
  year={2020},
  publisher={Packt Publishing Ltd}
}

@article{ghanate2020smart,
  title={Smart Security System: A Surveillance System Based on OpenCV and Android Platform},
  author={Ghanate, Nishant and Bhagat, Kartik and Gamot, Sandeep},
  journal={SAMRIDDHI: A Journal of Physical Sciences, Engineering and Technology},
  volume={12},
  number={SUP 1},
  pages={32--35},
  year={2020}
}

%Deep learning framework
@article{abadi2015tensorflow,
title={TensorFlow: Large-Scale Machine Learning on Heterogeneous Distributed Systems},
author={Abadi, Martin and Agarwal, Ashish and Barham, Paul and Brevdo, Eugene and Chen, Zhifeng and Citro, Craig and Corrado, Gregory S and Davis, Andrew and Dean, Jeffrey and Devin, Matthieu and others},
journal={arXiv: Distributed, Parallel, and Cluster Computing},
year={2015}
}

@Inbook{singh2020introduction,
    author="Singh, Pramod and Manure, Avinash",
    title="Introduction to TensorFlow 2.0",
    bookTitle="Learn TensorFlow 2.0: Implement Machine Learning and Deep Learning Models with Python",
    year="2020",
    publisher="Apress",
    address="Berkeley, CA",
    pages="1--24",
    isbn="978-1-4842-5558-2",
    doi="10.1007/978-1-4842-5558-2_1",
    url="https://doi.org/10.1007/978-1-4842-5558-2_1"
}

@inproceedings{steiner2019pytorch,
  title={PyTorch: An imperative style, high-performance deep learning library},
  author={Steiner, Benoit and Devito, Zachary and Chintala, Soumith and Gross, Sam and Paszke, Adam and Massa, Francisco and Lerer, Adam and Chanan, Gregory and Lin, Zeming and Yang, Edward and others},
  booktitle={Advances in Neural Information Processing Systems},
  pages={8026--8037},
  year={2019}
}

@article{florencio2019performance,
    title={Performance Analysis of Deep Learning Libraries: TensorFlow and PyTorch},
    author={Florencio, Felipe De Almeida and Valenc, Thiago and Moreno, Edward David and Junior, Methanias Colaco},
    journal={Journal of Computer Science},
    volume={15},
    number={6},
    pages={785--799},
    year={2019}
}

@book{gulli2017deep,
  title={Deep learning with Keras},
  author={Gulli, Antonio and Pal, Sujit},
  year={2017},
  publisher={Packt Publishing Ltd}
}

@book{geron2019hands,
  title={Hands-on machine learning with Scikit-Learn, Keras, and TensorFlow: Concepts, tools, and techniques to build intelligent systems},
  author={G{\'e}ron, Aur{\'e}lien},
  year={2019},
  publisher={O'Reilly Media}
}

@article{luo2020comparison,
      title={Comparison and Benchmarking of AI Models and Frameworks on Mobile Devices}, 
      author={Chunjie Luo and Xiwen He and Jianfeng Zhan and Lei Wang and Wanling Gao and Jiahui Dai},
      year={2020},
      eprint={2005.05085},
      archivePrefix={arXiv},
      primaryClass={cs.LG}
}

%TFLite
@book{singh2020mobile,
  title={Mobile Deep Learning with TensorFlow Lite, ML Kit and Flutter: Build scalable real-world projects to implement end-to-end neural networks on Android and iOS},
  author={Singh, Anubhav and Bhadani, Rimjhim},
  year={2020},
  publisher={Packt Publishing Ltd}
}

@inproceedings{fadlilah2021development,
  title={The Development of Android for Indonesian Sign Language Using Tensorflow Lite and CNN: An Initial Study},
  author={Fadlilah, Umi and Handaga, Bana and others},
  booktitle={Journal of Physics: Conference Series},
  volume={1858},
  number={1},
  pages={012085},
  year={2021},
  organization={IOP Publishing}
}

@inproceedings{chen2020realtime,
  title={Realtime Multi-Person Pose Estimation Based on Android System},
  author={Chen, Weijian and Wang, Shujing and Wang, Jingeng},
  booktitle={2020 International Conference on Intelligent Computing, Automation and Systems (ICICAS)},
  pages={286--289},
  year={2020},
  organization={IEEE}
}

%Node, React, ReactNative
@ONLINE{nodejs2021,
    author = "Ryan Dahl",
    title  = "Nodejs - A JavaScript runtime built on Chrome's V8 JavaScript engine.",
    year   = "2021",
    month  = "6",
    url    = "https://web.archive.org/web/20210607053216/https://nodejs.org/en/"
}

@ONLINE{react2021,
    author = "Facebook",
    title  = "React - A JavaScript library for building user interfaces",
    year   = "2021",
    month  = "6",
    url    = "https://web.archive.org/web/20210607044826/https://reactjs.org/"
}

@ONLINE{redux2021,
    author = "Dan Abramov and Andrew Clark",
    title  = "Redux - A Predictable State Container for JS Apps",
    year   = "2021",
    month  = "6",
    url    = "https://web.archive.org/web/20210601113657/https://redux.js.org/"
}

@book{banks2017learning,
  title={Learning React: functional web development with React and Redux},
  author={Banks, Alex and Porcello, Eve},
  year={2017},
  publisher={" O'Reilly Media, Inc."}
}

@book{eisenman2015learning,
  title={Learning react native: Building native mobile apps with JavaScript},
  author={Eisenman, Bonnie},
  year={2015},
  publisher={" O'Reilly Media, Inc."}
}

% Triple buffer
@online{andre2021triple,
    author = "Andr√© Pacheco Neves",
    title = "Triple Buffering as a Concurrency Mechanism",
    year = "2012",
    month = "1",
    url = "http://remis-thoughts.blogspot.pt/2012/01/triple-buffering-as-concurrency_30.html"
}
