%Reviews
@inproceedings{deng2019deep,
author = {Yunbin Deng},
title = {{Deep learning on mobile devices: a review}},
volume = {10993},
booktitle = {Mobile Multimedia/Image Processing, Security, and Applications 2019},
editor = {Sos S. Agaian and Vijayan K. Asari and Stephen P. DelMarco},
organization = {International Society for Optics and Photonics},
publisher = {SPIE},
pages = {52 -- 66},
keywords = {Deep Learning, Artificial Intelligence, Mobile and Embedded Devices, Mobile Machine Learning, Mobile Computing, GPU},
year = {2019},
doi = {10.1117/12.2518469}
}

@article{chen2020deep,
  title={Deep Learning on Mobile and Embedded Devices: State-of-the-art, Challenges, and Future Directions},
  author={Chen, Yanjiao and Zheng, Baolin and Zhang, Zihan and Wang, Qian and Shen, Chao and Zhang, Qian},
  journal={ACM Computing Surveys (CSUR)},
  volume={53},
  number={4},
  pages={1--37},
  year={2020},
  publisher={ACM New York, NY, USA}
}

%CNN
@article{howard2017mobilenets,
      title={MobileNets: Efficient Convolutional Neural Networks for Mobile Vision Applications}, 
      author={Andrew G. Howard and Menglong Zhu and Bo Chen and Dmitry Kalenichenko and Weijun Wang and Tobias Weyand and Marco Andreetto and Hartwig Adam},
      year={2017},
      eprint={1704.04861},
      archivePrefix={arXiv},
      primaryClass={cs.CV}
}

@InProceedings{chen2018encoder,
author = {Chen, Liang-Chieh and Zhu, Yukun and Papandreou, George and Schroff, Florian and Adam, Hartwig},
title = {Encoder-Decoder with Atrous Separable Convolution for Semantic Image Segmentation},
booktitle = {Proceedings of the European Conference on Computer Vision (ECCV)},
month = {9},
year = {2018}
}

@InProceedings{sandler2018mobilenetv2,
author = {Sandler, Mark and Howard, Andrew and Zhu, Menglong and Zhmoginov, Andrey and Chen, Liang-Chieh},
title = {MobileNetV2: Inverted Residuals and Linear Bottlenecks},
booktitle = {Proceedings of the IEEE Conference on Computer Vision and Pattern Recognition (CVPR)},
pages={4510--4520},
month = {6},
year = {2018}
}

@InProceedings{howard2019searching,
author = {Howard, Andrew and Sandler, Mark and Chu, Grace and Chen, Liang-Chieh and Chen, Bo and Tan, Mingxing and Wang, Weijun and Zhu, Yukun and Pang, Ruoming and Vasudevan, Vijay and Le, Quoc V. and Adam, Hartwig},
title = {Searching for MobileNetV3},
booktitle = {Proceedings of the IEEE/CVF International Conference on Computer Vision (ICCV)},
pages={1314--1324},
month = {10},
year = {2019}
}

@article{tan2020efficientnet,
      title={EfficientNet: Rethinking Model Scaling for Convolutional Neural Networks}, 
      author={Mingxing Tan and Quoc V. Le},
      year={2020},
      eprint={1905.11946},
      archivePrefix={arXiv},
      primaryClass={cs.LG}
}

@article{tan2021efficientnetv2,
      title={EfficientNetV2: Smaller Models and Faster Training}, 
      author={Mingxing Tan and Quoc V. Le},
      year={2021},
      eprint={2104.00298},
      archivePrefix={arXiv},
      primaryClass={cs.CV}
}

%Transformer
@article{wu2020lite,
      title={Lite Transformer with Long-Short Range Attention}, 
      author={Zhanghao Wu and Zhijian Liu and Ji Lin and Yujun Lin and Song Han},
      year={2020},
      eprint={2004.11886},
      archivePrefix={arXiv},
      primaryClass={cs.CL}
}

@article{mehta2020delight,
      title={DeLighT: Deep and Light-weight Transformer}, 
      author={Sachin Mehta and Marjan Ghazvininejad and Srinivasan Iyer and Luke Zettlemoyer and Hannaneh Hajishirzi},
      year={2021},
      eprint={2008.00623},
      archivePrefix={arXiv},
      primaryClass={cs.LG}
}

@article{beltagy2020longformer,
      title={Longformer: The Long-Document Transformer}, 
      author={Iz Beltagy and Matthew E. Peters and Arman Cohan},
      year={2020},
      eprint={2004.05150},
      archivePrefix={arXiv},
      primaryClass={cs.CL}
}