@INPROCEEDINGS{wu2017recent,
  author={Wu, Di and Sharma, Nabin and Blumenstein, Michael},
  booktitle={2017 International Joint Conference on Neural Networks (IJCNN)}, 
  title={Recent advances in video-based human action recognition using deep learning: A review}, 
  year={2017},
  volume={},
  number={},
  pages={2865-2872},
  doi={10.1109/IJCNN.2017.7966210},
  organization={IEEE}
}

@article{chen2020monocular,
  title={Monocular human pose estimation: A survey of deep learning-based methods},
  author={Chen, Yucheng and Tian, Yingli and He, Mingyi},
  journal={Computer Vision and Image Understanding},
  volume={192},
  pages={102897},
  year={2020},
  publisher={Elsevier}
}